<?xml version="1.0" encoding="UTF-8"?><collection><record><leader>05982ntm a2200529 a 4500</leader><controlfield tag="001">006813667</controlfield><controlfield tag="003">MiAaHDL</controlfield><controlfield tag="005">20190719000000.0</controlfield><controlfield tag="006">m        d        </controlfield><controlfield tag="007">cr bn ---auaua</controlfield><controlfield tag="008">090606s1855    ir            00| ||per d</controlfield><datafield tag="035" ind1=" " ind2=" "><subfield code="a">(MiU)006813667</subfield></datafield><datafield tag="035" ind1=" " ind2=" "><subfield code="a">sdr-miu006813667</subfield></datafield><datafield tag="040" ind1=" " ind2=" "><subfield code="a">MiU</subfield><subfield code="c">MiU</subfield><subfield code="e">amremm</subfield></datafield><datafield tag="043" ind1=" " ind2=" "><subfield code="a">n-us-mi</subfield></datafield><datafield tag="100" ind1="0" ind2=" "><subfield code="6">880-01</subfield><subfield code="a">Saʻdī.</subfield></datafield><datafield tag="245" ind1="1" ind2="0"><subfield code="6">880-03</subfield><subfield code="a">Gulistān,</subfield><subfield code="f">[1271, i.e. 1855].</subfield></datafield><datafield tag="260" ind1=" " ind2=" "><subfield code="c">[1855].</subfield></datafield><datafield tag="300" ind1=" " ind2=" "><subfield code="a">150 leaves :</subfield><subfield code="b">paper ;</subfield><subfield code="c">258 x 158 (160 x 76) mm. bound to 262 x 158 mm.</subfield></datafield><datafield tag="500" ind1=" " ind2=" "><subfield code="a">Shelfmark: Ann Arbor, University of Michigan, Special Collections Library, Isl. Ms. 307</subfield></datafield><datafield tag="500" ind1=" " ind2=" "><subfield code="a">Origin: As appears at close on p.298-299, copy executed for Iʻtimād al-Dawlah Mīrzā Āqā Khān Khwājah-ʼi Nūrī Ṣadr-i Aʻẓam (اعتماد الدوله ... میرزا آقا خان خواجۀ نوری صدر اعظم) by Muḥammad Ḥusayn al-Shīrāzī with transcription completed in Shawwāl 1271 [June-July 1855] (most likely reading). Numeral ٢ now appears as ١ though with evidence that some pigment has been lost.</subfield></datafield><datafield tag="500" ind1=" " ind2=" "><subfield code="a">Former shelfmark: "206 T. De M. [i.e. Tammaro De Marinis]" inscribed in pencil on upper board lining ; "١٦" on 'title page' (p.1).</subfield></datafield><datafield tag="500" ind1=" " ind2=" "><subfield code="a">Binding: Pasteboards covered in dark gray leather (pebbled quality of shagreen) ; Type III binding (without flap) ; two-piece binding (overlapping flanges visible at spine) ; board linings in pink surface-dyed paper with stag leaping above pond (stag springing or salient, or even courant) watermark (see lower board lining) ; upper and lower covers carry gold-painted scalloped rectangular panel and frame ; sewn in light pink thread, two stations ; worked chevron endbands in yellow and dark magenta, good condition ; overall in fairly good condition with some abrasion and staining, negative draw in upper cover, etc.</subfield></datafield><datafield tag="500" ind1=" " ind2=" "><subfield code="a">Support: Wove paper, dark cream to beige in color, well-burnished to glossy.</subfield></datafield><datafield tag="500" ind1=" " ind2=" "><subfield code="a">Decoration: Elegant illuminated headpiece (ʻunwān / sarlawḥ) at opening on p.2 consisting of rectangular piece with basmalah flanked by gold cartouches and surmounted by elongated w-shaped piece filled with delicate floral vegetal decoration in shades of pink, blue, green, red, and orange on grounds of dark blue and gold set in a well of gold, dark blue, bright green and red bands ; brilliant illuminated marginal decoration (of floral motifs, saz leaves, etc. chiefly in gold with red, blue, orange, and black accents) completes the illuminated double-page opening (p.2-3) ; gold cloud-bands set off text on incipit and facing page ; written area gold-flecked and surrounded by frame in bands of gold, light blue, red, and turquoise with outermost blue rule, divisions within defined by narrow gold bands ; margin defined by red fillet flanked by black fillets ; keywords and some headings rubricated.</subfield></datafield><datafield tag="500" ind1=" " ind2=" "><subfield code="a">Script: Nastaʻlīq ; large, elegant hand in a medium line ; characteristically serifless, with gentle effect of words descending to baseline, elongation and exaggerated thickness of horizontal strokes, pointing in distinct dots, point of final nūn set just down in wide, angled bowl.</subfield></datafield><datafield tag="500" ind1=" " ind2=" "><subfield code="a">Layout: Written in 12 lines per page, occasionally divided to two columns to set off verses ; frame-ruled.</subfield></datafield><datafield tag="500" ind1=" " ind2=" "><subfield code="a">Collation: IV-1 (7), 19 II (83), IV-2 (89), 14 II (145), II+1 (150), i ; almost exclusively binions ; catchwords present ; pagination in pencil, Western numerals, supplied during cataloguing.</subfield></datafield><datafield tag="500" ind1=" " ind2=" "><subfield code="a">Colophon: "Scribal," rectangular, reads " ... و هم خط تحریر شان را بیاراید برای تعلیم طرز کتاب و هر مشق خط ناپسند این بنده جانی محمد حسین الشیرازی ... حرره فی شهر شوال سنه ١٢٧١"</subfield></datafield><datafield tag="500" ind1=" " ind2=" "><subfield code="a">Explicit: "تمام شد کتاب گلستان بتوفیق حضرت سبحان و هو المستعان و علیه التکلان بدانکه درین کتاب چنانکه رسم مؤلفانست و داب مصنفان از اشعار متقدمان بطریق استعارات تلفیقی نرفت ... بر رسولان بلاغ باشد و بس"</subfield></datafield><datafield tag="500" ind1=" " ind2=" "><subfield code="a">Incipit: "منت خدای را عز و جل که طاعتش موجب قربتست ..."</subfield></datafield><datafield tag="500" ind1=" " ind2=" "><subfield code="a">Title from inscription on 'title page' (p.1) and closing matter on p.296.</subfield></datafield><datafield tag="500" ind1=" " ind2=" "><subfield code="a">Ms. codex.</subfield></datafield><datafield tag="510" ind1="4" ind2=" "><subfield code="a">Amanat, Abbas. "EʿTEMĀD-AL-DAWLA, ĀQĀ KHAN NŪRĪ , MĪRZĀ (1807-1865)." Encyclopædia Iranica.</subfield><subfield code="c">VIII/6, pp.658-662</subfield></datafield><datafield tag="520" ind1="8" ind2=" "><subfield code="a">Elegant copy of the Gulistān, celebrated collection of moralizing anecdotes in rhymed prose interspersed with verse (maqāmah form), composed in 1258 by the renowned Persian poet and prose writer, Saʻdī (d.1292). Contributions to the cataloguing from Elizabeth Kunze.</subfield></datafield><datafield tag="538" ind1=" " ind2=" "><subfield code="a">Mode of access: Internet.</subfield></datafield><datafield tag="541" ind1=" " ind2=" "><subfield code="c">Purchase ;</subfield><subfield code="a">Acquired by purchase (funds donated by Horace Rackham).</subfield><subfield code="d">1924.</subfield></datafield><datafield tag="546" ind1=" " ind2=" "><subfield code="a">Persian.</subfield></datafield><datafield tag="561" ind1=" " ind2=" "><subfield code="a">Inscription (unpointed) on 'title page' (p.2) with title and name of copyist "كلستان خط ميرزا محمد حسين شيرازى" ; clean copy.</subfield></datafield><datafield tag="650" ind1=" " ind2="0"><subfield code="a">Manuscripts, Persian</subfield><subfield code="z">Michigan</subfield><subfield code="z">Ann Arbor.</subfield></datafield><datafield tag="650" ind1=" " ind2="0"><subfield code="a">Persian poetry</subfield><subfield code="y">747-1500.</subfield></datafield><datafield tag="655" ind1=" " ind2="7"><subfield code="a">Headpieces (layout features)</subfield><subfield code="y">19th century.</subfield><subfield code="2">aat</subfield></datafield><datafield tag="700" ind1="0" ind2=" "><subfield code="a">Abdülhamid</subfield><subfield code="b">II,</subfield><subfield code="c">Sultan of the Turks,</subfield><subfield code="d">1842-1918,</subfield><subfield code="e">former owner.</subfield></datafield><datafield tag="700" ind1="0" ind2=" "><subfield code="6">880-06</subfield><subfield code="a">Mīrzā Āqā Khān Nūrī, Naṣr Allāh,</subfield><subfield code="c">Iʻtimād al-Dawlah, Ṣadr-i Aʻẓam,</subfield><subfield code="d">1806 or 7-1864 or 5,</subfield><subfield code="e">patron,</subfield><subfield code="e">former owner.</subfield></datafield><datafield tag="700" ind1="0" ind2=" "><subfield code="6">880-05</subfield><subfield code="a">Muḥammad Ḥusayn al-Shīrāzī,</subfield><subfield code="d">fl. 1855,</subfield><subfield code="e">scribe.</subfield></datafield><datafield tag="773" ind1="0" ind2=" "><subfield code="a">Abdul Hamid Collection.</subfield></datafield><datafield tag="880" ind1="0" ind2=" "><subfield code="6">700-06/</subfield><subfield code="a">ميرزا آقا خان نورى، نصر الله،</subfield><subfield code="c">اعتماد الدوله، صدر اعظم،</subfield><subfield code="e">راع،</subfield><subfield code="e">مالك سابق.</subfield></datafield><datafield tag="880" ind1="0" ind2=" "><subfield code="6">700-05/</subfield><subfield code="a">محمد حسين الشيرازى،</subfield><subfield code="e">ناسخ.</subfield></datafield><datafield tag="880" ind1="1" ind2="0"><subfield code="6">245-03/</subfield><subfield code="a">گلستان,</subfield><subfield code="f">[1271ه، 1855م].</subfield></datafield><datafield tag="880" ind1="0" ind2=" "><subfield code="6">100-01/</subfield><subfield code="a">سعدى.</subfield></datafield><datafield tag="CID" ind1=" " ind2=" "><subfield code="a">006813667</subfield></datafield><datafield tag="DAT" ind1="0" ind2=" "><subfield code="a">20190719102638.0</subfield><subfield code="b">20190719000000.0</subfield></datafield><datafield tag="DAT" ind1="1" ind2=" "><subfield code="a">20190719090653.0</subfield><subfield code="b">2019-07-19T16:11:46Z</subfield></datafield><datafield tag="DAT" ind1="2" ind2=" "><subfield code="a">2015-10-02T18:00:03Z</subfield></datafield><datafield tag="CAT" ind1=" " ind2=" "><subfield code="a">SDR-MIU</subfield><subfield code="d">EX LIBRIS - ALEPH</subfield><subfield code="l">prepare.pl-004-008</subfield></datafield><datafield tag="FMT" ind1=" " ind2=" "><subfield code="a">BK</subfield></datafield><datafield tag="HOL" ind1=" " ind2=" "><subfield code="0">sdr-miu006813667</subfield><subfield code="a">MiU</subfield><subfield code="b">SDR</subfield><subfield code="c">MIU</subfield><subfield code="p">mdp.39015079128529</subfield><subfield code="s">MIU</subfield><subfield code="1">006813667</subfield></datafield><datafield tag="974" ind1=" " ind2=" "><subfield code="b">MIU</subfield><subfield code="c">MIU</subfield><subfield code="d">20190719</subfield><subfield code="s">lit-dlps-dc</subfield><subfield code="u">mdp.39015079128529</subfield><subfield code="y">1855</subfield><subfield code="r">pd</subfield><subfield code="q">bib</subfield><subfield code="t">non-US bib date1 &lt; 1879</subfield></datafield></record></collection>